@book{group2005data,
  title={Data Structures Using C},
  author={Group, I.},
  isbn={9780070591028},
  series={Ace series},
  url={https://books.google.co.id/books?id=a\_YnrbXyCv8C},
  year={2005},
  publisher={McGraw-Hill Education (India) Pvt Limited}
}
@book{Gonzalez,
  title={Digital Image Processing},
  author={Rafael C. Gonzalez and Richard E. Woods},
  isbn={9780131687288},
  year={2008},
  publisher={Prentice Hall}
}

@book{python3intro,
author = {Hunt, John},
title = {A Beginners Guide to Python 3 Programming},
year = {2019},
isbn = {3030202895},
publisher = {Springer Publishing Company, Incorporated},
edition = {1st}
}

@book{dipBook,
author = {Burger, Wilhelm and Burge, Mark J.},
title = {Digital Image Processing: An Algorithmic Introduction Using Java},
year = {2016},
isbn = {1447166833},
publisher = {Springer Publishing Company, Incorporated},
edition = {2nd}
}
